<?xml version="1.0" encoding="UTF-8"?><collection xmlns="http://www.loc.gov/MARC21/slim"><record><leader>00425nam--2200169-u-4500</leader><controlfield tag="001">000051966</controlfield><controlfield tag="002">20161230</controlfield><controlfield tag="005">20161230201049</controlfield><controlfield tag="008">090513s1000------------r-----000-0-eng-d</controlfield><datafield ind1=" " ind2=" " tag="040"><subfield code="a">IFIN-HH</subfield></datafield><datafield ind1=" " ind2=" " tag="080"><subfield code="a">517.96</subfield></datafield><datafield ind1="1" ind2=" " tag="100"><subfield code="a">Kurpel,N.S. si Shuvar,B.A</subfield></datafield><datafield ind1="1" ind2="0" tag="245"><subfield code="a">Dvustoronnie Operatornye Neravenstva i ikh Primeneniya</subfield></datafield><datafield ind1=" " ind2=" " tag="260"><subfield code="a">Kiev</subfield><subfield code="c">1980</subfield></datafield><datafield ind1=" " ind2=" " tag="300"><subfield code="a">268 p</subfield></datafield><datafield ind1=" " ind2=" " tag="852"><subfield code="a">75471</subfield><subfield code="c">517.9</subfield></datafield><datafield ind1=" " ind2=" " tag="CAT"><subfield code="a">Sys</subfield><subfield code="c">20090513</subfield><subfield code="h">124751</subfield></datafield></record></collection>